@book{huth2004logic,
  title={Logic in Computer Science: Modelling and reasoning about systems},
  author={Huth, Michael and Ryan, Mark},
  year={2004},
  publisher={Cambridge university press}
}

@misc{prooftrees,
  author = {Clea F. Rees},
  title = {{Prooftrees}},
  howpublished = "\url{https://ctan.org/pkg/tikz-qtree}",
  year = {2019}, 
  note = "[Package, based on forest, designed to support the typesetting of proof trees]"
}